<?xml version="1.0" encoding="UTF-8"?><collection xmlns="http://www.loc.gov/MARC21/slim"><record><leader>00510nam--2200157-i-4500</leader><controlfield tag="001">000012384</controlfield><controlfield tag="002">20161230</controlfield><controlfield tag="005">20161230201029</controlfield><controlfield tag="008">060222s1000------------r-----000-0-eng-d</controlfield><datafield ind1=" " ind2=" " tag="080"><subfield code="a">517.98:517.443(061.3)(082.L)</subfield></datafield><datafield ind1=" " ind2=" " tag="245"><subfield code="a">Fourier integral operators and partial differe ntial equations.collque international,universi te de nice,1974</subfield></datafield><datafield ind1=" " ind2=" " tag="260"><subfield code="a">Berlin,Springer-verlag,1975. 372p</subfield></datafield><datafield ind1=" " ind2=" " tag="490"><subfield code="a">Lecture Notes In Mathematics</subfield></datafield><datafield ind1=" " ind2=" " tag="700"><subfield code="a">Chazarain,J</subfield></datafield><datafield ind1=" " ind2=" " tag="852"><subfield code="a">45378</subfield><subfield code="c">517.9</subfield></datafield><datafield ind1=" " ind2=" " tag="CAT"><subfield code="a">Sys</subfield><subfield code="c">20081028</subfield><subfield code="h">083113</subfield></datafield></record></collection>